<?xml version="1.0" encoding="UTF-8"?>
<record xmlns="http://www.loc.gov/MARC21/slim">
   <leader>01902cam a2200421 a 4500</leader>
   <controlfield tag="001">452504</controlfield>
   <controlfield tag="003">NjP</controlfield>
   <controlfield tag="005">20190705140718.0</controlfield>
   <controlfield tag="008">880630r19801915ir            000 0 ara d</controlfield>
   <datafield tag="024" ind1="7" ind2=" ">
      <subfield code="a">princeton_aco004898</subfield>
      <subfield code="2">local</subfield>
   </datafield>
   <datafield ind1=" " ind2=" " tag="035">
      <subfield code="a">(CStRLIN)NJPG88-B32795</subfield>
   </datafield>
   <datafield ind1=" " ind2=" " tag="035">
      <subfield code="9">ACC8142TS</subfield>
   </datafield>
   <datafield ind1=" " ind2=" " tag="035">
      <subfield code="a">(NjP)452504</subfield>
   </datafield>
   <datafield ind1=" " ind2=" " tag="040">
      <subfield code="a">NjP</subfield>
      <subfield code="c">PUL</subfield>
      <subfield code="d">PUL</subfield>
   </datafield>
   <datafield ind1="0" ind2=" " tag="041">
      <subfield code="a">araper</subfield>
   </datafield>
   <datafield ind1=" " ind2=" " tag="049">
      <subfield code="a">PULL</subfield>
   </datafield>
   <datafield ind1=" " ind2=" " tag="035">
      <subfield code="a">(OCoLC)ocm84195335</subfield>
   </datafield>
   <datafield ind1="1" ind2=" " tag="100">
      <subfield code="6">880-01</subfield>
      <subfield code="a">Ibn al-Muṭahhar al-Ḥillī, al-Ḥasan ibn Yūsuf,</subfield>
      <subfield code="d">1250-1325.</subfield>
      <subfield code="0">http://id.loc.gov/authorities/names/n84166554</subfield>
   </datafield>
   <datafield ind1="1" ind2="0" tag="240">
      <subfield code="6">880-02</subfield>
      <subfield code="a">Muntahá al-maṭlab</subfield>
   </datafield>
   <datafield ind1="1" ind2="0" tag="245">
      <subfield code="6">880-03</subfield>
      <subfield code="a">Kitāb muntahá al-maṭlab /</subfield>
      <subfield code="c">lil-ʻālim Jamāl al-Dīn Abī Manṣūr al-Ḥasan ibn Yūsuf ibn ʻAlī al-Muṭahhar al-Ḥillī al-mushtahir bi-al-Ghulām.</subfield>
   </datafield>
   <datafield ind1=" " ind2=" " tag="260">
      <subfield code="a">[Iran :</subfield>
      <subfield code="b">s.n.,</subfield>
      <subfield code="c">198-?]</subfield>
   </datafield>
   <datafield ind1=" " ind2=" " tag="300">
      <subfield code="a">2 v. (1032 p.) ;</subfield>
      <subfield code="c">35 cm.</subfield>
   </datafield>
   <datafield ind1=" " ind2=" " tag="500">
      <subfield code="a">Title page partially vocalized.</subfield>
   </datafield>
   <datafield ind1=" " ind2=" " tag="500">
      <subfield code="a">Cover title.</subfield>
   </datafield>
   <datafield ind1=" " ind2=" " tag="500">
      <subfield code="a">Glosses in the margins.</subfield>
   </datafield>
   <datafield ind1=" " ind2=" " tag="500">
      <subfield code="a">In Arabic; preface in Persian.</subfield>
   </datafield>
   <datafield ind1=" " ind2=" " tag="534">
      <subfield code="p">Reprint. Originally published:</subfield>
      <subfield code="c">1333 [1915].</subfield>
   </datafield>
   <datafield ind1=" " ind2="0" tag="650">
      <subfield code="a">Islamic law</subfield>
      <subfield code="x">Interpretation and construction</subfield>
      <subfield code="x">Early works to 1800.</subfield>
      <subfield code="0">http://id.loc.gov/authorities/subjects/sh2008104962</subfield>
   </datafield>
   <datafield ind1=" " ind2="0" tag="650">
      <subfield code="a">Shiites.</subfield>
      <subfield code="0">http://id.loc.gov/authorities/subjects/sh85121432</subfield>
   </datafield>
   <datafield ind1="0" ind2=" " tag="740">
      <subfield code="6">880-04</subfield>
      <subfield code="a">Muntahá al-maṭlab.</subfield>
   </datafield>
   <datafield ind1="1" ind2=" " tag="880">
      <subfield code="6">100-01/r</subfield>
      <subfield code="a">ابن المطهر الحلي، الحسن بن يوسف،</subfield>
      <subfield code="d">1250-1325.</subfield>
   </datafield>
   <datafield ind1="1" ind2="0" tag="880">
      <subfield code="6">240-02/r</subfield>
      <subfield code="a">منتهى المطلب</subfield>
   </datafield>
   <datafield ind1="1" ind2="0" tag="880">
      <subfield code="6">245-03/r</subfield>
      <subfield code="a">كتاب منتهى المطلب /</subfield>
      <subfield code="c">للعالم جمال الدين ابي منصور الحسن بن يوسف بن علي المطهر الحلي المشتهر بالغلام.</subfield>
   </datafield>
   <datafield ind1="0" ind2=" " tag="880">
      <subfield code="6">740-04/r</subfield>
      <subfield code="a">منتهى المطلب.</subfield>
   </datafield>
   <datafield ind1=" " ind2=" " tag="998">
      <subfield code="a">03/02/90</subfield>
      <subfield code="s">9118</subfield>
      <subfield code="n">NjP</subfield>
      <subfield code="w">NJPG88B32795</subfield>
      <subfield code="d">06/30/88</subfield>
      <subfield code="c">JEB</subfield>
      <subfield code="b">JEB</subfield>
      <subfield code="i">900302</subfield>
      <subfield code="l">NJPG</subfield>
   </datafield>
   <datafield ind1=" " ind2=" " tag="911">
      <subfield code="a">19921028</subfield>
   </datafield>
   <datafield ind1=" " ind2=" " tag="912">
      <subfield code="a">19910104000000.0</subfield>
   </datafield>
   <datafield ind1=" " ind2=" " tag="994">
      <subfield code="a">C0</subfield>
      <subfield code="b">PUL</subfield>
   </datafield>
   <datafield ind1=" " ind2=" " tag="999">
      <subfield code="a">452504</subfield>
   </datafield>
   <datafield ind1=" " ind2=" " tag="979">
      <subfield code="a">(OCoLC)ocn176041727</subfield>
   </datafield>
   <datafield ind1="0" ind2="0" tag="852">
      <subfield code="0">492479</subfield>
      <subfield code="b">nec</subfield>
      <subfield code="t">1</subfield>
      <subfield code="c">Oversize</subfield>
      <subfield code="h">KBP440.76.I263</subfield>
      <subfield code="i">A35 1980zq</subfield>
   </datafield>
   <datafield ind1=" " ind2="0" tag="866">
      <subfield code="0">492479</subfield>
      <subfield code="a">Juzʼ 1-2</subfield>
   </datafield>
   <datafield ind1=" " ind2=" " tag="959">
      <subfield code="a">2000-06-13 00:00:00 -0400</subfield>
   </datafield>
</record>
